
@techreport{echinterop1,
  title={{ECH} Interoperability Report, Version 1},
  author={Farrell, Stephen},
  year={2025},
  month = Jan,
  institution={DEfO Project Report},
  url = {https://github.com/defo-project/ech-interop-report/blob/main/source/ech-interop-report1.pdf}
}

@techreport{echtrial,
  title={{ECH} Trial Report, Version 1},
  author={Stephen Farrell and Suhkbir Singh},
  year={2025},
  month = June,
  institution={DEfO Project Report},
  url = {https://defo.ie/ech-trial-report.pdf},
}

@inproceedings {sec18-felsch,
	author = {Dennis Felsch and Martin Grothe and J{\"o}rg Schwenk and Adam Czubak and Marcin Szymanek},
	title = {The Dangers of Key Reuse: Practical Attacks on IPsec {IKE}},
	booktitle = {27th {USENIX} Security Symposium ({USENIX} Security 18)},
	year = {2018},
	isbn = {978-1-931971-46-1},
	address = {Baltimore, MD},
	pages = {567--583},
	url = {https://www.usenix.org/conference/usenixsecurity18/presentation/felsch},
	publisher = {{USENIX} Association},
}

@misc{ripe2015ripe,
  title={RIPE NCC Database},
  author={RIPE, NCC},
  year={2015}
}

@inproceedings{gasser2014deeper,
  title={A deeper understanding of SSH: results from Internet-wide scans},
  author={Gasser, Oliver and Holz, Ralph and Carle, Georg},
  booktitle={Network Operations and Management Symposium (NOMS), 2014 IEEE},
  pages={1--9},
  year={2014},
  organization={IEEE}
}

@inproceedings{bhargavan2016downgrade,
	title={Downgrade resilience in key-exchange protocols},
	author={Bhargavan, Karthikeyan and Brzuska, Christina and Fournet, C{\'e}dric and Green, Matthew and Kohlweiss, Markulf and Zanella-B{\'e}guelin, Santiago},
	booktitle={Security and Privacy (SP), 2016 IEEE Symposium on},
	pages={506--525},
	year={2016},
	organization={IEEE}
}

@inproceedings{cremers2017comprehensive,
  title={A comprehensive symbolic analysis of TLS 1.3},
  author={Cremers, Cas and Horvat, Marko and Hoyland, Jonathan and Scott, Sam and van der Merwe, Thyla},
  booktitle={Proceedings of the 2017 ACM SIGSAC Conference on Computer and Communications Security},
  pages={1773--1788},
  year={2017},
  organization={ACM}
}

@inproceedings{felt2017measuring,
	title={Measuring HTTPS adoption on the web},
	author={Felt, Adrienne Porter and Barnes, Richard and King, April and Palmer, Chris and Bentzel, Chris and Tabriz, Parisa},
	booktitle={26th USENIX Security Symposium},
	pages={1323--1338},
	year={2017}
}

@inproceedings{amann2017mission,
	title={Mission accomplished?: HTTPS security after diginotar},
	author={Amann, Johanna and Gasser, Oliver and Scheitle, Quirin and Brent, Lexi and Carle, Georg and Holz, Ralph},
	booktitle={Proceedings of the 2017 Internet Measurement Conference},
	pages={325--340},
	year={2017},
	organization={ACM}
}

@inproceedings{albrecht2016surfeit,
	title={A surfeit of SSH cipher suites},
	author={Albrecht, Martin R and Degabriele, Jean Paul and Hansen, Torben Brandt and Paterson, Kenneth G},
	booktitle={Proceedings of the 2016 ACM SIGSAC Conference on Computer and Communications Security},
	pages={1480--1491},
	year={2016},
	organization={ACM}
}

@article{holz2015tls,
	title={TLS in the wild: An Internet-wide analysis of TLS-based protocols for electronic communication},
	author={Holz, Ralph and Amann, Johanna and Mehani, Olivier and Wachs, Matthias and Kaafar, Mohamed Ali},
	journal={arXiv preprint arXiv:1511.00341},
	year={2015}
}

@inproceedings{heninger2012mining,
	title={Mining Your Ps and Qs: Detection of Widespread Weak Keys in Network Devices.},
	author={Heninger, Nadia and Durumeric, Zakir and Wustrow, Eric and Halderman, J Alex},
	booktitle={USENIX Security Symposium},
	volume={8},
	pages={1},
	year={2012}
}

@inproceedings{durumeric2015neither,
	title={Neither snow nor rain nor MITM...: An empirical analysis of email delivery security},
	author={Durumeric, Zakir and Adrian, David and Mirian, Ariana and Kasten, James and Bursztein, Elie and Lidzborski, Nicolas and Thomas, Kurt and Eranti, Vijay and Bailey, Michael and Halderman, J Alex},
	booktitle={Proceedings of the 2015 Internet Measurement Conference},
	pages={27--39},
	year={2015},
	organization={ACM}
}

@inproceedings{hastings2016weak,
	title={Weak keys remain widespread in network devices},
	author={Hastings, Marcella and Fried, Joshua and Heninger, Nadia},
	booktitle={Proceedings of the 2016 Internet Measurement Conference},
	pages={49--63},
	year={2016},
	organization={ACM}
}

@article{valenta2016measuring,
	title={Measuring small subgroup attacks against Diffie-Hellman.},
	author={Valenta, Luke and Adrian, David and Sanso, Antonio and Cohney, Shaanan and Fried, Joshua and Hastings, Marcella and Halderman, J Alex and Heninger, Nadia},
	journal={IACR Cryptology ePrint Archive},
	volume={2016},
	pages={995},
	year={2016}
}

@misc{gansner2006drawing,
	title={Drawing graphs with dot},
	author={Gansner, Emden and Koutsofios, Eleftherios and North, Stephen},
	year={2006},
	publisher={Technical report, AT\&T Research. URL http://www. graphviz. org/Documentation/dotguide. pdf}
}

@inproceedings{durumeric2015search,
	title={A search engine backed by Internet-wide scanning},
	author={Durumeric, Zakir and Adrian, David and Mirian, Ariana and Bailey, Michael and Halderman, J Alex},
	booktitle={Proceedings of the 22nd ACM SIGSAC Conference on Computer and Communications Security},
	pages={542--553},
	year={2015},
	organization={ACM}
}

@techreport{dourado2012internet,
  title={Internet security without law: How service providers create order online},
  author={Dourado, Eli},
  year={2012},
  institution={Working Paper}
}

@article{huston2011securing,
  title={Securing BGPâ€”A literature survey},
  author={Huston, Geoff and Rossi, Mattia and Armitage, Grenville},
  journal={Communications Surveys \& Tutorials, IEEE},
  volume={13},
  number={2},
  pages={199--222},
  year={2011},
  publisher={IEEE}
}

@inproceedings{weakdh15,
  title = {Imperfect Forward Secrecy: {H}ow {D}iffie-{H}ellman Fails
                  in Practice},
  author = {David Adrian and Karthikeyan Bhargavan and Zakir Durumeric
                  and Pierrick Gaudry and Matthew Green and J. Alex
                  Halderman and Nadia Heninger and Drew Springall and
                  Emmanuel Thom\'e and Luke Valenta and Benjamin
                  VanderSloot and Eric Wustrow and Santiago
                  Zanella-B\'eguelin and Paul Zimmermann},
  booktitle = {22nd ACM Conference on Computer and Communications
                  Security},
  month = oct,
  year = 2015
}

@article{svantesson2015access,
  title={Access to extraterritorial evidence: The Microsoft cloud case and beyond},
  author={Svantesson, Dan and Gerry, Felicity},
  journal={Computer Law \& Security Review},
  volume={31},
  number={4},
  pages={478--489},
  year={2015},
  publisher={Elsevier}
}

@inproceedings{hurt2015protecting,
  title={Protecting Gamblers or Protecting Gambling: The Economic Dimensions of Borderless Online'Speech'},
  author={Hurt, Christine},
  booktitle={University of Aberystwyth Conference Proceedings: Internet Jurisdiction Symposium},
  year={2015}
}

@article{roberts2011evolving,
  title={The evolving landscape of internet control: A summary of our recent research and recommendations},
  author={Roberts, Hal and Zuckerman, Ethan and Palfrey, John G and York, Jillian and Faris, Robert},
  journal={Berkman Center Research Publication},
  number={2011-05},
  year={2011}
}

@article{abelson2015keys,
  title={Keys under doormats},
  author={Abelson, Harold Hal and Anderson, Ross and Bellovin, Steven M and Benaloh, Josh and Blaze, Matt and Diffie, Whitfield Whit and Gilmore, John and Green, Matthew and Landau, Susan and Neumann, Peter G and others},
  journal={Communications of the ACM},
  volume={58},
  number={10},
  pages={24--26},
  year={2015},
  publisher={ACM}
}

@article{timberg2014fbi,
  title={FBI blasts Apple, Google for locking police out of phones},
  author={Timberg, Craig and Miller, Greg},
  journal={The Washington Post},
  year={2014}
}

@article{branch2003lawful,
  title={Lawful interception of the internet},
  author={Branch, P},
  journal={Australian Journal of Emerging Technologies and Society},
  volume={1},
  number={1},
  pages={38--51},
  year={2003},
  publisher={Citeseer}
}

@inproceedings{allison2015web,
  title={How the Web was Won: Keeping the computer networking curriculum current with HTTP/2},
  author={Allison, Colin and Bakri, Hussein},
  booktitle={Frontiers in Education Conference (FIE), 2015. 32614 2015. IEEE},
  pages={1--9},
  year={2015},
  organization={IEEE}
}

@article{froomkin1996came,
  title={It Came From Planet Clipper: The Battle Over Cryptographic Key Escrow},
  author={Froomkin, A Michael},
  journal={U. Chi. Legal F.},
  pages={15},
  year={1996},
  publisher={HeinOnline}
}

@inproceedings{thierer2014embracing,
  title={Embracing a Culture of Permissionless Innovation},
  author={Thierer, Adam},
  booktitle={Cato Online Forum, Cato Institute, Washington, DC},
  year={2014}
}

@article{banisar1999global,
  title={Global trends in privacy protection: An international survey of privacy, data protection, and surveillance laws and developments},
  author={Banisar, David and Davies, Simon G},
  journal={John Marshall Journal of Computer \& Information Law},
  volume={18},
  number={1},
  year={1999}
}

@article{diffie2008brave,
  title={Brave New World of Wiretapping},
  author={Diffie, Whitfield and Landau, Susan},
  journal={Scientific American},
  volume={299},
  number={3},
  pages={56--63},
  year={2008},
  publisher={Nature Publishing Group}
}

@misc{moller2014poodle,
  title={This POODLE bites: exploiting the SSL 3.0 fallback},
  author={M{\"o}ller, Bodo and Duong, Thai and Kotowicz, Krzysztof},
  year={2014},
  publisher={Google}
}

@article{brown2013lawful,
  title={Lawful Interception Capability Requirements},
  author={Brown, Ian},
  journal={Computers \& Law, Aug/Sep},
  year={2013}
}

@book{zimmermann1995official,
  title={The official PGP user's guide},
  author={Zimmermann, Philip R},
  year={1995},
  publisher={MIT press}
}

@article{bodenheim2014evaluation,
  title={Evaluation of the ability of the Shodan search engine to identify Internet-facing industrial control devices},
  author={Bodenheim, Roland and Butts, Jonathan and Dunlap, Stephen and Mullins, Barry},
  journal={International Journal of Critical Infrastructure Protection},
  volume={7},
  number={2},
  pages={114--123},
  year={2014},
  publisher={Elsevier}
}

@inproceedings{durumeric2013zmap,
  title={ZMap: Fast Internet-wide Scanning and Its Security Applications.},
  author={Durumeric, Zakir and Wustrow, Eric and Halderman, J Alex},
  booktitle={Usenix Security},
  pages={605--620},
  year={2013}
}

@article{saltzer1984end,
  title={End-to-end arguments in system design},
  author={Saltzer, Jerome H and Reed, David P and Clark, David D},
  journal={ACM Transactions on Computer Systems (TOCS)},
  volume={2},
  number={4},
  pages={277--288},
  year={1984},
  publisher={ACM}
}

@article{devereaux2014data,
  title={Data Pirates of the Caribbean: The NSA Is Recording Every Cell Phone Call in the Bahamas},
  author={Devereaux, Ryan and Greenwald, Glenn and Poitras, Laura},
  journal={The Intercept},
  volume={19},
  year={2014}
}

@article{chivvis2008consent,
  title={Consent to Monitoring of Electronic Communications of Employees as an Aspect of Liberty and Dignity: Looking to Europe},
  author={Chivvis, Matthew A},
  journal={Fordham Intell. Prop. Media \& Ent. LJ},
  volume={19},
  pages={799},
  year={2008},
  publisher={HeinOnline}
}

@inproceedings{checkoway2014practical,
  title={On the practical exploitability of Dual EC in TLS implementations},
  author={Checkoway, Stephen and Fredrikson, Matthew and Niederhagen, Ruben and Everspaugh, Adam and Green, Matthew and Lange, Tanja and Ristenpart, Thomas and Bernstein, Daniel J and Maskiewicz, Jake and Shacham, Hovav},
  booktitle={USENIX Security},
  volume={1},
  year={2014}
}

@article{perlroth2013nsa,
  title={NSA able to foil basic safeguards of privacy on web},
  author={Perlroth, Nicole and Larson, Jeff and Shane, Scott},
  journal={The New York Times},
  volume={5},
  year={2013}
}

@article{mayer2015no,
  title={No Need for Black Chambers: Testing TLS in the E-mail Ecosystem at Large},
  author={Mayer, Wilfried and Zauner, Aaron and Schmiedecker, Martin and Huber, Markus},
  journal={arXiv preprint arXiv:1510.08646},
  year={2015}
}

@inproceedings{durumeric2014matter,
  title={The matter of Heartbleed},
  author={Durumeric, Zakir and Kasten, James and Adrian, David and Halderman, J Alex and Bailey, Michael and Li, Frank and Weaver, Nicolas and Amann, Johanna and Beekman, Jethro and Payer, Mathias and others},
  booktitle={Proceedings of the 2014 Conference on Internet Measurement Conference},
  pages={475--488},
  year={2014},
  organization={ACM}
}

@phdthesis{hippner2009study,
  title={A Study into the Size of the Worldâ€™s intelligence Industry},
  author={Hippner, Christian},
  year={2009},
  school={MERCYHURST COLLEGE}
}

@article{greenwald2013edward,
  title={Edward Snowden: the whistleblower behind the NSA surveillance revelations},
  author={Greenwald, Glenn and MacAskill, Ewen and Poitras, Laura},
  journal={The Guardian},
  volume={9},
  pages={2013},
  year={2013}
}

@article{farrell2014pervasive,
  title={Why Pervasive Monitoring Is Bad},
  author={Farrell, Stephen},
  journal={IEEE Internet Computing},
  volume={18},
  number={4},
  pages={4--7},
  year={2014},
  publisher={IEEE}
}

@article{landau2015control,
  title={Control use of data to protect privacy},
  author={Landau, Susan},
  journal={Science},
  volume={347},
  number={6221},
  pages={504--506},
  year={2015},
  publisher={American Association for the Advancement of Science}
}


@misc{cryptoeprint:2017:1189,
	author = {Hanno BÃ¶ck and Juraj Somorovsky and Craig Young},
	title = {Return Of Bleichenbacher's Oracle Threat (ROBOT)},
	howpublished = {Cryptology ePrint Archive, Report 2017/1189},
	year = {2017},
	note = {\url{https://eprint.iacr.org/2017/1189}},
}
